<record><leader>02443cam a2200385 i 45 0</leader><controlfield tag="001">6855746</controlfield><controlfield tag="003">OCoLC</controlfield><controlfield tag="005">20150309154541.0</controlfield><controlfield tag="008">140507s2015    enka     b    001 0 eng  </controlfield><datafield ind1=" " ind2=" " tag="010"><subfield code="a">  2014016830</subfield></datafield><datafield ind1=" " ind2=" " tag="015"><subfield code="a">GBB4B3437</subfield><subfield code="2">bnb</subfield></datafield><datafield ind1="7" ind2=" " tag="016"><subfield code="a">016890666</subfield><subfield code="2">Uk</subfield></datafield><datafield ind1=" " ind2=" " tag="020"><subfield code="a">9781107073463 (hardback)</subfield></datafield><datafield ind1=" " ind2=" " tag="020"><subfield code="a">1107073464 (hardback)</subfield></datafield><datafield ind1=" " ind2=" " tag="035"><subfield code="a">ocn879538856</subfield></datafield><datafield ind1=" " ind2=" " tag="040"><subfield code="a">DLC</subfield><subfield code="b">eng</subfield><subfield code="e">rda</subfield><subfield code="c">DLC</subfield><subfield code="d">YDX</subfield><subfield code="d">BTCTA</subfield><subfield code="d">OCLCF</subfield><subfield code="d">YDXCP</subfield><subfield code="d">UKMGB</subfield><subfield code="d">CHVBK</subfield><subfield code="d">AFMK</subfield></datafield><datafield ind1=" " ind2=" " tag="042"><subfield code="a">pcc</subfield></datafield><datafield ind1="0" ind2="0" tag="050"><subfield code="a">QB51</subfield><subfield code="b">.M77 2015</subfield></datafield><datafield ind1="0" ind2="0" tag="082"><subfield code="a">520</subfield><subfield code="2">23</subfield></datafield><datafield ind1=" " ind2=" " tag="084"><subfield code="a">SCI004000</subfield><subfield code="2">bisacsh</subfield></datafield><datafield ind1=" " ind2=" " tag="090"><subfield code="a">QB 51 M77 2015</subfield><subfield code="b">AFMK</subfield></datafield><datafield ind1="1" ind2=" " tag="100"><subfield code="a">Morison, Ian,</subfield><subfield code="d">1943-</subfield><subfield code="e">author.</subfield></datafield><datafield ind1="1" ind2="0" tag="240"><subfield code="a">Lectures.</subfield><subfield code="k">Selections</subfield></datafield><datafield ind1="1" ind2="2" tag="245"><subfield code="a">A journey through the universe :</subfield><subfield code="b">Gresham lectures on astronomy /</subfield><subfield code="c">Ian Morison, University of Manchester and Gresham College.</subfield></datafield><datafield ind1=" " ind2="1" tag="264"><subfield code="a">Cambridge :</subfield><subfield code="b">Cambridge University Press,</subfield><subfield code="c">2015.</subfield></datafield><datafield ind1=" " ind2=" " tag="300"><subfield code="a">xi, 356 pages :</subfield><subfield code="b">illustrations (some color) ;</subfield><subfield code="c">26 cm</subfield></datafield><datafield ind1=" " ind2=" " tag="336"><subfield code="a">text</subfield><subfield code="2">rdacontent</subfield></datafield><datafield ind1=" " ind2=" " tag="337"><subfield code="a">unmediated</subfield><subfield code="2">rdamedia</subfield></datafield><datafield ind1=" " ind2=" " tag="338"><subfield code="a">volume</subfield><subfield code="2">rdacarrier</subfield></datafield><datafield ind1=" " ind2=" " tag="504"><subfield code="a">Includes bibliographical references and index.</subfield></datafield><datafield ind1="8" ind2=" " tag="505"><subfield code="a">Machine generated contents note: 1. Watchers of the skies; 2. Our Sun; 3. Aspects of our Solar System; 4. The rocky planets; 5. The hunt for Planet X; 6. Voyages to the outer planets; 7. Harbingers of doom; 8. Impact!; 9. 400 years of the telescope; 10. The family of stars; 11. Aging stars; 12. The search for other worlds; 13. Are we alone? The search for life beyond the Earth; 14. Our island Universe; 15. Wonders of the southern sky; 16: Proving Einstein right; 17. Black holes -- no need to be afraid; 18. It's about time; 19. Hubble's heritage -- the astronomer and the telescope that honours his name; 20. The violent Universe; 21. The invisible Universe: dark matter and dark energy; 22. The afterglow of creation; 23. To infinity and beyond; Index.</subfield></datafield><datafield ind1=" " ind2=" " tag="520"><subfield code="a">"Providing an in-depth understanding both for general readers and astronomy enthusiasts, this highly comprehensive book provides an up-to-date survey of our knowledge of the Universe beyond Earth. The book explores our Solar System, its planets and other bodies; examines the Sun and how it and other stars evolve through their lifetimes"--</subfield><subfield code="c">Provided by publisher.</subfield></datafield><datafield ind1=" " ind2="0" tag="650"><subfield code="a">Astronomy.</subfield></datafield><datafield ind1=" " ind2=" " tag="596"><subfield code="a">8</subfield></datafield><datafield ind1=" " ind2=" " tag="926"><subfield code="a">QB 51 M77 2015</subfield><subfield code="w">LC</subfield><subfield code="c">1</subfield><subfield code="i">34917001374581</subfield><subfield code="d">4/27/2016</subfield><subfield code="l">ON_SHELF</subfield><subfield code="m">KEYANO</subfield><subfield code="p">$37.19</subfield><subfield code="q">20</subfield><subfield code="r">Y</subfield><subfield code="s">Y</subfield><subfield code="t">BOOK</subfield><subfield code="u">3/9/2015</subfield><subfield code="o">.STAFF. Rec'd Mar/15 MW</subfield></datafield></record>